<record><leader>00000cas a22000007a 4500</leader><controlfield tag="001">34898524</controlfield><controlfield tag="008">960608d19051918okuwr n       0    0eng d</controlfield><datafield ind1=" " ind2=" " tag="010"><subfield code="a">sn 96087841 </subfield></datafield><datafield ind1=" " ind2=" " tag="040"><subfield code="a">OBN</subfield><subfield code="b">eng</subfield><subfield code="c">OBN</subfield><subfield code="d">OCLCQ</subfield></datafield><datafield ind1=" " ind2=" " tag="043"><subfield code="a">n-us-ok</subfield></datafield><datafield ind1="0" ind2="4" tag="245"><subfield code="a">The Talihina tribune.</subfield></datafield><datafield ind1="3" ind2=" " tag="246"><subfield code="a">Tribune</subfield></datafield><datafield ind1="3" ind2=" " tag="246"><subfield code="a">Talihina tribune and news</subfield></datafield><datafield ind1="3" ind2=" " tag="246"><subfield code="a">Tribune and news</subfield></datafield><datafield ind1="3" ind2=" " tag="246"><subfield code="a">Talihina Okla. tribune</subfield></datafield><datafield ind1=" " ind2=" " tag="260"><subfield code="a">Talihina, I.T. [Okla.] :</subfield><subfield code="b">Talihina Pub. Co.</subfield></datafield><datafield ind1=" " ind2=" " tag="300"><subfield code="a">v.</subfield></datafield><datafield ind1=" " ind2=" " tag="310"><subfield code="a">Weekly</subfield></datafield><datafield ind1="0" ind2=" " tag="362"><subfield code="a">Vol. 1, no. 1 (Mar. 30, 1905)-</subfield></datafield><datafield ind1="1" ind2=" " tag="362"><subfield code="a">Ceased in 1918.</subfield></datafield><datafield ind1=" " ind2="0" tag="651"><subfield code="a">Talihina (Okla.)</subfield><subfield code="v">Newspapers.</subfield></datafield><datafield ind1=" " ind2="0" tag="651"><subfield code="a">Le Flore County (Okla.)</subfield><subfield code="v">Newspapers.</subfield></datafield><datafield ind1=" " ind2="0" tag="651"><subfield code="a">Indian Territory</subfield><subfield code="v">Newspapers.</subfield></datafield><datafield ind1=" " ind2=" " tag="752"><subfield code="a">United States</subfield><subfield code="b">Oklahoma</subfield><subfield code="c">Leflore</subfield><subfield code="d">Talihina.</subfield></datafield><datafield ind1="0" ind2="5" tag="780"><subfield code="t">Talihina news (Talihina, Okla. : 1908)</subfield></datafield><datafield ind1="0" ind2="5" tag="780"><subfield code="t">Talihina Democrat</subfield><subfield code="w">(DLC)sn 96087842</subfield><subfield code="w">(OCoLC)34898532</subfield></datafield><datafield ind1="0" ind2="0" tag="785"><subfield code="t">Talihina American</subfield><subfield code="w">(DLC)sn 96087843</subfield><subfield code="w">(OCoLC)34898538</subfield></datafield></record>